@book{bara1990scienza,
  title		={Scienza cognitiva: un approccio evolutivo alla simulazione della mente},
  author	={Bara, B.G.},
  isbn		={9788833954608},
  lccn		={91137188},
  series	={Programma di psic. psichiat. psicoter},
  url		={https://books.google.it/books?id=FajyAAAACAAJ},
  year		={1990},
  publisher	={Bollati Boringhieri}
}

@book{lakoff2008women,
  title		={Women, Fire, and Dangerous Things},
  author	={Lakoff, G.},
  isbn		={9780226471013},
  url		={https://books.google.it/books?id=CfCnzSF9de8C},
  year		={2008},
  publisher	={University of Chicago Press}
}

@book{basile2001parole,
  title		={Le parole nella mente: relazioni semantiche e struttura del lessico},
  author	={Basile, G.},
  isbn		={9788846433046},
  lccn		={2002387569},
  series	={Collana di critica letteraria e linguistica},
  url		={https://books.google.it/books?id=2s0mDDinA3gC},
  year		={2001},
  publisher	={F. Angeli}
}

@book{berlin1991basic,
  title={Basic Color Terms: Their Universality and Evolution},
  author={Berlin, B. and Kay, P.},
  isbn={9780520076358},
  lccn={70076541},
  series={Anthropology, linguistics, psychology},
  url={https://books.google.it/books?id=sGDxruwl9OkC},
  year={1991},
  publisher={University of California Press}
}

@book{palmer1996toward,
  title={Toward a Theory of Cultural Linguistics},
  author={Palmer, G.B.},
  isbn={9780292765696},
  lccn={lc95047742},
  url={https://books.google.it/books?id=8dWFA2xtklYC},
  year={1996},
  publisher={University of Texas Press}
}

@book{vaiana1999nuova,
  title={La nuova sfida del meccanicismo},
  author={Vaiana, L.},
  isbn={9788871449173},
  series={Scientia (Rome, Italy)},
  url={https://books.google.it/books?id=zgUPn643DAcC},
  year={1999},
  publisher={Armando}
}

@article{Rosch:color,
	title		={Universals in color naming and memory},
	author		={Rosch, H.},    journaltitle	= {Journal of Experimental Psychology},    number		= {93},    year		= {1972},
	pages		={10-20}
}

@misc{fuzzy,     title        = {Fuzzy Logic Introduction},     year         = {1996},     url          = {http://www.doc.ic.ac.uk/~nd/surprise_96/journal/vol2/jp6/article2.html},}

@misc{fuzzy-color,     title        = {Colour Words and Colour Categorization},
	author	= {Reinhard Blutner},     url          = {http://www.blutner.de/color/Color_Words.pdf},}
@misc{multi-real,     title        = {{Multiple Realizability}},
	author = {{Stanford Encyclopedia of Philosophy}},     url          = {http://plato.stanford.edu//entries/multiple-realizability/},}

@report{boella,
	author		={Boella, G.},
	title		={Sistemi cognitivi},
	type		={Corso universitario},
	institution	={Dipartimento di informatica},
	location	={Universit√† degli Studi di Torino},
	year		={2013-2014},
	url			={http://www.educ.di.unito.it}
}

@book{ortony1993metaphor,
  title={Metaphor and Thought},
  author={Ortony, A.},
  isbn={9780521405614},
  lccn={92037625},
  url={http://books.google.it/books?id=QiJRvuXA\_VcC},
  year={1993},
  publisher={Cambridge University Press}
}

@book{lakoff2008metaphors,
  title={Metaphors We Live By},
  author={Lakoff, G. and Johnson, M.},
  isbn={9780226470993},
  url={https://books.google.it/books?id=r6nOYYtxzUoC},
  year={2008},
  publisher={University of Chicago Press}
}

@book{ferrari2013non,
  title={Non solo metafore: (De)costruzione della strategia persuasiva di G. W. Bush Jr.},
  author={Ferrari, F.},
  isbn={9788862924214},
  series={Studi e progetti},
  url={https://books.google.it/books?id=m0U7BAAAQBAJ},
  year={2013},
  publisher={libreriauniversitaria.it}
}

 @online{ wiki:episodic-memory,
   author = "Wikipedia",
   title = "Episodic memory --- Wikipedia{,} The Free Encyclopedia",
   year = "2015",
   url = "http://en.wikipedia.org/w/index.php?title=Episodic_memory&oldid=641520300",
   note = "[Online; accessed 26-January-2015]"
 }
 
  @online{ wiki:attention,
   author = "Wikipedia",
   title = "Attention --- Wikipedia{,} The Free Encyclopedia",
   year = "2015",
   url = "http://en.wikipedia.org/w/index.php?title=Attention&oldid=642234307",
   note = "[Online; accessed 26-January-2015]"
 }
 
  @online{ wiki:priming,
   author = "Wikipedia",
   title = "Priming (psychology) --- Wikipedia{,} The Free Encyclopedia",
   year = "2014",
   url = "http://en.wikipedia.org/w/index.php?title=Priming_(psychology)&oldid=628459338",
   note = "[Online; accessed 26-January-2015]"
 }
 
  @online{ wiki:metaphor,
   author = "Wikipedia",
   title = "Conceptual metaphor --- Wikipedia{,} The Free Encyclopedia",
   year = "2014",
   url = "http://en.wikipedia.org/w/index.php?title=Conceptual_metaphor&oldid=637877945",
   note = "[Online; accessed 26-January-2015]"
 }
 
  @online{ wiki:functionalismx,
   author = "Wikipedia",
   title = "Functionalism (philosophy of mind) --- Wikipedia{,} The Free Encyclopedia",
   year = "2015",
   url = "http://en.wikipedia.org/w/index.php?title=Functionalism_(philosophy_of_mind)&oldid=642586592",
   note = "[Online; accessed 26-January-2015]"
 }
 
  @online{ wiki:modularity,
   author = "Wikipedia",
   title = "Modularity of mind --- Wikipedia{,} The Free Encyclopedia",
   year = "2015",
   url = "http://en.wikipedia.org/w/index.php?title=Modularity_of_mind&oldid=643857096",
   note = "[Online; accessed 26-January-2015]"
 }
 
  @online{ wiki:behaviorism,
   author = "Wikipedia",
   title = "Behaviorism --- Wikipedia{,} The Free Encyclopedia",
   year = "2015",
   url = "http://en.wikipedia.org/w/index.php?title=Behaviorism&oldid=643583220",
   note = "[Online; accessed 26-January-2015]"
 }
 
  @online{ wiki:introspection,
   author = "Wikipedia",
   title = "Introspection --- Wikipedia{,} The Free Encyclopedia",
   year = "2014",
   url = "http://en.wikipedia.org/w/index.php?title=Introspection&oldid=636124331",
   note = "[Online; accessed 26-January-2015]"
 }
 
  @online{ wiki:tote,
   author = "Wikipedia",
   title = "T.O.T.E. --- Wikipedia{,} The Free Encyclopedia",
   year = "2014",
   url = "http://en.wikipedia.org/w/index.php?title=T.O.T.E.&oldid=637644695",
   note = "[Online; accessed 26-January-2015]"
 }
 
  @online{ wiki:memory-span,
   author = "Wikipedia",
   title = "Memory span --- Wikipedia{,} The Free Encyclopedia",
   year = "2014",
   url = "http://en.wikipedia.org/w/index.php?title=Memory_span&oldid=631594544",
   note = "[Online; accessed 26-January-2015]"
 }
 
  @online{ wiki:number-seven,
   author = "Wikipedia",
   title = "The Magical Number Seven, Plus or Minus Two --- Wikipedia{,} The Free Encyclopedia",
   year = "2014",
   url = "http://en.wikipedia.org/w/index.php?title=The_Magical_Number_Seven,_Plus_or_Minus_Two&oldid=639946371",
   note = "[Online; accessed 26-January-2015]"
 }
 
  @online{ wiki:fuzzy-set,
   author = "Wikipedia",
   title = "Fuzzy set operations --- Wikipedia{,} The Free Encyclopedia",
   year = "2014",
   url = "http://en.wikipedia.org/w/index.php?title=Fuzzy_set_operations&oldid=637509296",
   note = "[Online; accessed 26-January-2015]"
 }
 
  @online{ wiki:fuzzy,
   author = "Wikipedia",
   title = "Fuzzy set --- Wikipedia{,} The Free Encyclopedia",
   year = "2014",
   url = "http://en.wikipedia.org/w/index.php?title=Fuzzy_set&oldid=638833605",
   note = "[Online; accessed 26-January-2015]"
 }
 
  @online{ wiki:family,
   author = "Wikipedia",
   title = "Family resemblance --- Wikipedia{,} The Free Encyclopedia",
   year = "2014",
   url = "http://en.wikipedia.org/w/index.php?title=Family_resemblance&oldid=625995382",
   note = "[Online; accessed 26-January-2015]"
 }
 
  @online{ wiki:prototype,
   author = "Wikipedia",
   title = "Prototype theory --- Wikipedia{,} The Free Encyclopedia",
   year = "2014",
   url = "http://en.wikipedia.org/w/index.php?title=Prototype_theory&oldid=635711936",
   note = "[Online; accessed 26-January-2015]"
 }
 
  @online{ wiki:chunk,
   author = "Wikipedia",
   title = "Chunk (psicologia) --- Wikipedia{,} L'enciclopedia libera",
   year = "2013",
   url = "http://it.wikipedia.org/w/index.php?title=Chunk_(psicologia)&oldid=63238232",
   note = "[Online; in data 26-gennaio-2015]"
 }
 
  @online{ wiki:emotiva,
   author = "Wikipedia",
   title = "Intelligenza emotiva --- Wikipedia{,} L'enciclopedia libera",
   year = "2014",
   url = "http://it.wikipedia.org/w/index.php?title=Intelligenza_emotiva&oldid=67125751",
   note = "[Online; in data 26-gennaio-2015]"
 }
 
  @online{ wiki:mind-up,
   author = "Wikipedia",
   title = "Mind uploading --- Wikipedia{,} The Free Encyclopedia",
   year = "2015",
   url = "http://en.wikipedia.org/w/index.php?title=Mind_uploading&oldid=642766622",
   note = "[Online; accessed 26-January-2015]"
 }

